<record><leader>00000cas a22000007a 4500</leader><controlfield tag="001">13978585</controlfield><controlfield tag="008">860729d18901913txuwr ne      0    0eng d</controlfield><datafield ind1=" " ind2=" " tag="010"><subfield code="a">sn 86088121 </subfield></datafield><datafield ind1=" " ind2=" " tag="040"><subfield code="a">PPM</subfield><subfield code="b">eng</subfield><subfield code="c">PPM</subfield><subfield code="d">OCLCQ</subfield></datafield><datafield ind1=" " ind2=" " tag="042"><subfield code="a">msc</subfield></datafield><datafield ind1="0" ind2="4" tag="245"><subfield code="a">The Runnels County ledger.</subfield></datafield><datafield ind1=" " ind2=" " tag="260"><subfield code="a">Ballinger, Tex. :</subfield><subfield code="b">P.E. Truly &amp; A.L. Clark</subfield></datafield><datafield ind1=" " ind2=" " tag="300"><subfield code="a">v. :</subfield><subfield code="b">ill. ;</subfield><subfield code="c">61 cm.</subfield></datafield><datafield ind1=" " ind2=" " tag="310"><subfield code="a">Weekly</subfield></datafield><datafield ind1="1" ind2=" " tag="362"><subfield code="a">Began Mar. 14, 1890; ceased Jan. 23, 1913.</subfield></datafield><datafield ind1=" " ind2=" " tag="500"><subfield code="a">"Consolidated with the Ballinger Tribune Apr. 23, 1905."</subfield></datafield><datafield ind1=" " ind2=" " tag="588"><subfield code="a">Description based on: Vol. 2, no. 45 (Feb. 5, 1892).</subfield></datafield><datafield ind1=" " ind2=" " tag="752"><subfield code="a">United States</subfield><subfield code="b">Texas</subfield><subfield code="c">Runnels</subfield><subfield code="d">Ballinger.</subfield></datafield><datafield ind1="0" ind2=" " tag="775"><subfield code="t">Ballinger daily ledger</subfield><subfield code="w">(DLC)sn 86089917</subfield></datafield><datafield ind1="0" ind2="5" tag="780"><subfield code="t">Ballinger tribune</subfield></datafield><datafield ind1="0" ind2="7" tag="785"><subfield code="t">Banner-leader</subfield><subfield code="w">(DLC)sn 86088057</subfield></datafield><datafield ind1="0" ind2="7" tag="785"><subfield code="t">Banner-ledger</subfield><subfield code="w">(DLC)sn 86088293</subfield></datafield></record>